@InProceedings{TestReference,
	 author = "Author One and Author Two",
	 title = "A Theoretical Work on Computer Science",
	 booktitle = "30th Symposium on Comparative Irrelevance, Somewhere, Some Country",
	 month = jun,
	 year = 1999
}

@InProceedings{TestReference2,
	 author = "Author One and Author Two",
	 title = "A Theoretical Work on Computer Science",
	 booktitle = "30th Symposium on Comparative Irrelevance, Somewhere, Some Country",
	 month = jun,
	 year = 1999
}

@techreport{bitcoin,
  title={Bitcoin: A peer-to-peer electronic cash system},
  author={Nakamoto, Satoshi},
  year={2008}
}

@mastersthesis{gupta,
  title={A Non-Consensus Based Decentralized Financial Transaction Processing Model with Support for Efficient Auditing},
  author={Gupta, Saurabh},
  year={2016},
  school={Arizona State University}
}

@ARTICLE{abc,
       author = {{Sliwinski}, Jakub and {Wattenhofer}, Roger},
        title = "{ABC: Asynchronous Blockchain without Consensus}",
      journal = {arXiv e-prints},
     keywords = {Computer Science - Cryptography and Security},
         year = "2019",
        month = "Sep",
          eid = {arXiv:1909.10926},
        pages = {arXiv:1909.10926},
archivePrefix = {arXiv},
       eprint = {1909.10926},
 primaryClass = {cs.CR},
       adsurl = {https://ui.adsabs.harvard.edu/abs/2019arXiv190910926S},
      adsnote = {Provided by the SAO/NASA Astrophysics Data System}
}

@article{flame,
 author = {Gregg, Brendan},
 title = {The Flame Graph},
 journal = {Commun. ACM},
 issue_date = {June 2016},
 volume = {59},
 number = {6},
 month = may,
 year = {2016},
 issn = {0001-0782},
 pages = {48--57},
 numpages = {10},
 url = {http://doi.acm.org/10.1145/2909476},
 doi = {10.1145/2909476},
 acmid = {2909476},
 publisher = {ACM},
 address = {New York, NY, USA},
}

@misc{ecdsa,
 title = {Package ecdsa, {Documentation of Go}},
 url = {https://golang.org/pkg/crypto/ecdsa/},
 note = {visited:\,20.12.2019}
}

@misc{pprof,
 title = {Package pprof, {Documentation of Go}},
 url = {https://golang.org/pkg/net/http/pprof/},
 note = {visited:\,20.12.2019}
}

@misc{profiling,
 title = {{Profiling Go Programs}, {The Go Blog}},
 url = {https://blog.golang.org/profiling-go-programs},
 note = {visited:\,20.12.2019}
}

@misc{testing,
 title = {Package testing, {Documentation of Go}},
 url = {https://golang.org/pkg/testing/},
 note = {visited:\,20.12.2019}
}

@misc{flags,
 title = {{Testing Flags}, {Command go}},
 url = {https://golang.org/cmd/go/#hdr-Testing_flags},
 note = {visited:\,20.12.2019}
}

@misc{gorm,
 title = {{GORM}--{The fantastic ORM library for Golang}},
 url = {https://gorm.io/},
 note = {visited:\,20.12.2019}
}

@misc{mysql,
 title = {{8.3.1~How MySQL Uses Indexes}, {MySQL 8.0 Reference Manual}},
 url = {https://dev.mysql.com/doc/refman/8.0/en/mysql-indexes.html},
 note = {visited:\,20.12.2019}
}

@misc{multiple,
 title = {{8.3.6~Multiple-Column Indexes}, {MySQL 8.0 Reference Manual}},
 url = {https://dev.mysql.com/doc/refman/8.0/en/multiple-column-indexes.html},
 note = {visited:\,20.12.2019}
}

@misc{rsa,
 title = {Package rsa, {Documentation of Go}},
 url = {https://golang.org/pkg/crypto/rsa/},
 note = {visited:\,20.12.2019}
}

@misc{dsa,
 title = {Package dsa, {Documentation of Go}},
 url = {https://golang.org/pkg/crypto/dsa/},
 note = {visited:\,20.12.2019}
}
