@InProceedings{TestReference,
	 author = "Author One and Author Two",
	 title = "A Theoretical Work on Computer Science",
	 booktitle = "30th Symposium on Comparative Irrelevance, Somewhere, Some Country",
	 month = jun,
	 year = 1999
}

@InProceedings{TestReference2,
	 author = "Author One and Author Two",
	 title = "A Theoretical Work on Computer Science",
	 booktitle = "30th Symposium on Comparative Irrelevance, Somewhere, Some Country",
	 month = jun,
	 year = 1999
}